<?xml version="1.0" encoding="UTF-8"?><collection xmlns="http://www.loc.gov/MARC21/slim"><record><leader>00578nam--2200193-i-4500</leader><controlfield tag="001">000012800</controlfield><controlfield tag="002">20161230</controlfield><controlfield tag="005">20161230201030</controlfield><controlfield tag="008">060222s1000------------r-----000-0-fre-d</controlfield><datafield ind1=" " ind2=" " tag="040"><subfield code="a">IFIN-HH</subfield></datafield><datafield ind1=" " ind2=" " tag="041"><subfield code="a">fre</subfield></datafield><datafield ind1=" " ind2=" " tag="080"><subfield code="a">539.1.074.83</subfield></datafield><datafield ind1="1" ind2=" " tag="100"><subfield code="a">Simonnet, Gerard</subfield></datafield><datafield ind1=" " ind2=" " tag="245"><subfield code="a">Les mesures de radioactivite a l'aide des compteurs a scintillateur liquide</subfield><subfield code="b">Preface de j. bergerard</subfield><subfield code="c">Gerard simonnet, michel oria</subfield></datafield><datafield ind1=" " ind2=" " tag="260"><subfield code="a">Paris</subfield><subfield code="b">Editions Eyrolles</subfield><subfield code="c">1977</subfield></datafield><datafield ind1=" " ind2=" " tag="300"><subfield code="a">220P</subfield></datafield><datafield ind1="1" ind2=" " tag="700"><subfield code="a">Oria, Michel</subfield></datafield><datafield ind1=" " ind2=" " tag="852"><subfield code="a">46491</subfield><subfield code="c">539.1.07:539.1.08</subfield></datafield><datafield ind1=" " ind2=" " tag="CAT"><subfield code="a">Sys</subfield><subfield code="c">20111027</subfield><subfield code="h">115211</subfield></datafield></record></collection>